2544 4492
234 1068 278 1180 l.
321 1014 603 1180 decursus
648 1066 717 1174 ad
753 1075 830 1215 11,
865 1079 900 1181 2
935 1065 1051 1209 sqq.

144 1356 203 1430 De
235 1352 432 1456 Hyperidis
465 1378 601 1453 genere
635 1360 744 1449 atque
782 1349 1028 1451 psephismate
1062 1350 1082 1423 l.
1109 1312 1146 1423 ei

494 1492 783 1560 commemorato.

565 1712 718 1727 Μ-

57 2022 59 2035 .
141 1937 384 2068 Hyperidem,
407 1971 566 2040 celebrem
588 1968 677 2036 illum
699 1982 873 2049 oratorem,
903 1967 1046 2041 Reiskius
1069 1972 1141 2062 qui-

140 2111 217 2178 dem
239 2113 272 2175 in
295 2109 399 2176 indice
420 2106 630 2174 Demosthen.
674 2100 824 2168 Cleandri
847 2099 944 2167 filium
958 2103 1139 2192 Sphettiunr

140 2227 237 2296 fuisse
252 2229 368 2311 scribit,
382 2226 437 2294 sed
453 2224 626 2320 Glaucippi
641 2220 740 2287 filium
755 2237 850 2310 atque
863 2219 1085 2310 Colyttensem
1107 2234 1140 2290 et

141 2343 570 2414 Pseudo-Plutarchus
584 2344 617 2406 in
633 2342 703 2408 vitis
717 2339 829 2406 decem
846 2356 1009 2407 oratorum
1026 2342 1139 2422 (Tem.

142 2461 202 2544 IX,
217 2484 288 2552 pag.
307 2467 373 2536 372
388 2462 439 2527 ed.
462 2458 586 2540 Reisk.)
609 2436 646 2522 et*
662 2455 808 2524 Suidas
829 2481 857 2528 v.
875 2452 1058 2546 Ὑπερίδης
1078 2482 1142 2528 no.

141 2580 273 2644 minent.
289 2573 829 2664 QuibuscumDev.Ruhkenius
840 2577 874 2641 in
889 2576 1018 2645 historia
1032 2580 1141 2646 critica
1168 2596 1172 2605 “

143 2711 306 2766 oratorum
330 2695 531 2778 Graecorum
557 2678 847 2781 (orabant-aec.
877 2694 946 2766 volz-
966 2697 1051 2767 VIII.
1074 2720 1140 2772 eur.
1228 2674 1231 2680 Ι

23 2906 27 2913 ,
141 2814 250 2883 Reisk.
275 2838 306 2904 p.
332 2815 407 2900 tte)
430 2806 643 2893 consentiens,
667 2814 726 2877 etsi
747 2828 838 2900 patre
859 2816 1004 2900 omisso,
1023 2826 1180 2905 pagum'
1246 2800 1251 2807 ¹

140 2932 259 3000 indicat
286 2932 435 3003 eundem.
479 2932 592 2998 Obiter
614 2945 734 2996 tanturn
757 2931 870 2998 Suidas
893 2955 971 3016 esse,
987 2937 1039 3022 qui
1052 2933 1140 3000 iilum

140 3051 295 3144 Pythode
326 3067 433 3119 natum
466 3050 588 3132 ferant,
621 3069 803 3116 memorare
835 3051 973 3123 vIdetur,
1024 3054 1142 3144 Neque

141 3169 218 3237 alius
239 3171 318 3236 mihi
338 3172 475 3238 innotuit
496 3183 641 3240 veterum
663 3168 855 3256 scriptorum
884 3170 988 3256 Iocus,
1009 3176 1072 3264 -qui
1094 3171 1141 3239 al-

141 3290 201 3354 teri
222 3288 296 3354 huie
318 3290 552 3370 existimationi,
574 3307 593 3351 a
614 3284 711 3352 Suida
733 3286 891 3375 proditae,
918 3288 1017 3357 fidem
1038 3290 1140 3360 adde·
1227 3316 1229 3321 ’

140 3420 190 3472 ret
218 3403 326 3471 ullam.
370 3408 478 3496 Atque
506 3404 708 3496 Glaucippo,
738 3429 805 3473 non
832 3406 989 3498 Pythodi,
1018 3432 1140 3478 nomen

141 3524 225 3619 patri
247 3521 353 3606 fuisse,
376 3525 473 3589 etiam
495 3546 536 3590 eo
557 3525 899 3609 confirmari'videtut,
923 3526 1010 3616 quod
1038 3527 1137 3597 filium

141 3637 285 3726 ejusdem
306 3641 444 3707 nominis
464 3641 648 3737 Hyperides
676 3644 793 3726 habuit,
821 3649 877 3734 qui
903 3641 1083 3735 eloquentia
1105 3664 1139 3715 et

142 3756 214 3842 ipse
224 3755 379 3828 inciaruit.
402 3757 476 3829 Vid.
494 3758 545 3833 vit.
560 3761 605 3831 X.
618 3777 735 3830 orator.
749 3759 770 3827 I.
791 3785 819 3827 c.
840 3761 986 3847 Athen.
1002 3763 1138 3855 deipno·
1254 3831 1258 3841 ,

144 3874 236 3966 soph.
268 3873 338 3944 libr.
372 3875 456 3944 XIII.
490 3897 561 3969 pag.
599 3882 673 3965 590,
709 3903 738 3948 c.
778 3879 975 3974 Fabricii„
991 3876 1134 3949 biblioth.
