2544 4492
398 199 716 273 x..17..

81 387 133 470 ἀν
153 389 225 475 τοῖς
245 380 500 474 συμβεβηκόσιν,
521 386 559 455 αλ
581 385 614 453 δ’
639 385 768 475 ἐλπίδες
787 388 849 469 της
869 385 1037 477 σωτηρίας
1049 389 1095 479 τῷ

25 564 29 570 ς
63 525 66 528 ’
94 497 192 589 δήμῳ
207 500 242 564 έν
254 500 326 574 τοῖς
346 495 430 588 ὑπὲρ
452 496 657 579 πεντήκοντα
673 496 728 578 ἔτη
743 498 894 582 γεγονόσι
907 497 1093 578 καθειστή-

97 628 210 676 κεσαν·
233 605 318 696 όράν
331 605 361 670 δ
377 593 420 687 ἦν
430 606 484 671 ἐπὶ
497 613 558 692 μέν
571 614 639 672 τῶν
653 610 772 696 θυρῶν
784 594 945 690 γυναῖκας
955 607 1093 672 ε’λευθέ-
1114 604 1136 672 6

10 729 88 780 οισι
95 738 175 806 ρους
194 712 400 807 περιφόβους
420 716 662 804 κατεπτηχυίας
678 716 758 781 ’καὶ
779 717 1050 801 πυνθανομένας,
1064 708 1097 781 εἰ

97 829 186 909 ζῶσι,
199 827 263 904 τὰς
275 831 337 912 μέν
350 826 432 915 ὑπὲρ
447 824 579 914 ἀνδρός,
599 827 661 904 τάς
675 825 705 892 δ’
720 825 805 912 ὑπὲρ
819 825 955 917 πατρός,
975 824 1038 904 τάς
1058 823 1095 902 δ’Ι

92 935 178 1026 ὑπέρ
189 933 506 1025 ἀδελφοῖνάναξίως
517 935 628 1002 αὐτῶν
638 938 694 1001 καὶ
704 939 764 1018 τῆς
775 934 900 1014 πόλεως
911 934 1094 1024 ὁρωμένας·

94 1048 164 1112 τῶν
190 1047 225 1111 δέ
255 1043 387 1136 ἀνδρῶν
414 1047 492 1124 τούς
520 1052 591 1124 τοῖς
617 1045 770 1131 σώμασιν
797 1030 1018 1135 ἀπειρηκότας
1039 1047 1095 1110 καὶ
1187 1071 1191 1078 ’

38 1195 45 1201 ·
94 1155 157 1233 τὰς
190 1152 323 1234 ἡλικίας
351 1155 593 1244 πρεσβυτέρους
619 1157 676 1220 καὶ
706 1153 773 1220 ὑπὸ
801 1157 868 1219 τῶν
895 1151 1006 1240 νόμων
1033 1153 1096 1220 τοῦ

94 1262 347 1356 στρατεύεσθαι
378 1262 578 1353 ἀφειμένους
610 1262 696 1332 ἰδεῖν
729 1252 771 1346 ἧν
802 1263 884 1330 καθ’
918 1258 1002 1345 ὅλην
1032 1265 1096 1345 την
1200 1288 1204 1295 “

35 1393 83 1438 τω.
96 1372 197 1440 πόλιν
218 1372 271 1437 ἐπὶ
294 1370 419 1462 γηραος
440 1371 527 1465 οὐδῷ
549 1375 869 1463 διαφθειρομένους,
890 1374 995 1440 διπλοῖ
1011 1373 1093 1438 .”τά
1116 1384 1136 1453 7

55 1519 59 1526 ·
96 1481 217 1568 ίμάτια
238 1483 560 1570 ἐμπεπορπημένους,
588 1486 721 1550 πολλῶν
743 1487 778 1550 δέ
800 1488 858 1550 καὶ
879 1486 995 1549 δεινῶν
1009 1484 1095 1547 κατά

25 1613 83 1682 -ιοο
96 1595 161 1675 τὴν
181 1590 280 1658 πόλιν
300 1594 501 1677 γιγνομένων
521 1595 579 1657 καὶ
600 1591 737 1658 πάντων
757 1596 825 1660 τῶν
845 1596 991 1660 πολιτῶν
1022 1592 1094 1660 ”vd

34 1727 81 1769 τοο.
96 1706 236 1790 μέγιστα
268 1700 495 1787 ἠτυχηκότων,
530 1701 664 1788 μάλιστ’
698 1702 742 1768 ἀν
774 1728 827 1781 τις
855 1705 980 1790 ἤλγησε
1011 1702 1097 1768 ”nal

35 1831 83 1874 σο.
96 1813 278 1903 ἐδάκρυσεν
305 1815 359 1878 ἐπὶ
386 1816 464 1890 ταῖς
489 1815 551 1895 τῆς
579 1811 705 1891 πόλεως
736 1792 942 1906 συμφοραῖς,
981 1812 1093 1901 ”ηυίχ’

13 2000 17 2009 ,
75 1923 184 2014 δρᾶν
210 1911 254 2003 ἦν
279 1922 342 1987 τὸν
369 1924 478 2007 δῆμον
504 1922 749 2016 ψηφισάμενον
776 1925 855 2002 τούς
875 1930 936 2011 μὲν
958 1920 1097 2003 δούλους

97 2035 305 2122 ἐλευθέρους,
333 2034 413 2110 τούς
434 2035 470 2098 δέ
492 2031 603 2114 ξένους
620 2033 838 2116 Ἀθηναίους,
865 2035 944 2112 τούς
965 2036 1001 2101 δὲ
1023 2031 1097 2099 ἀτί-

97 2166 181 2231 μους
215 2140 381 2226 έντίμους·
417 2140 453 2220 ὃς
480 2149 613 2234 πρῶτον
641 2144 696 2209 έπὶ
721 2151 770 2236 τῷ
799 2143 980 2234 αὐτόχθων
1011 2133 1098 2211 εἶναι

98 2257 155 2319 καὶ
184 2249 365 2342 ἐλεύθερος
391 2253 595 2337 ἐσεμνύνετο.
625 2253 773 2345 τοσαύτη
802 2254 838 2319 δὲ
865 2253 886 2333 ἡ
910 2254 1007 2332 πόλις
1028 2256 1095 2320 έκέ-
1117 2266 1140 2333 8

94 2386 200 2451 χρητο
220 2363 408 2453 μεταβολῇ,
430 2356 509 2440 ύίςτε
530 2363 663 2452 πρῶτον
683 2368 744 2447 μέν
764 2362 848 2452 ὑπὲρ
869 2365 929 2442 τῆς
949 2369 1017 2428 τῶν
1036 2363 1097 2430 ἀλ-

99 2477 167 2539 λων
177 2470 344 2552 Ἑλλήνων
359 2469 557 2560 ἐλευθερίας
578 2469 815 2554 ἀγωνίζεσθαι,
837 2471 873 2536 ἐν
887 2473 922 2537 δέ
937 2476 1008 2550 τοῖς
1020 2472 1098 2539 τότε

95 2583 227 2672 χρόνοις
240 2581 388 2668 ἀγαπάν,
410 2582 471 2646 ε’ἀυ
490 2579 574 2670 ὑπὲρ
595 2584 654 2662 τῆς
675 2579 787 2647 αὐτῶν
802 2579 969 2673 σωτηρίας
983 2581 1098 2674 ἀσφα-

99 2696 165 2770 λῶς
198 2690 342 2773 δύνηται
374 2691 603 2773 κινδυνεύσαι,
637 2695 694 2756 καὶ
721 2689 883 2783 πρότερον
916 2697 979 2779 μὲν
1015 2696 1106 2783 πολ·Ι

40 2819 84 2861 171.
99 2808 160 2884 λῆς
184 2800 296 2891 χώρας
323 2803 390 2887 τῶν
417 2784 601 2891 βαρβαρων
630 2800 794 2892 ἐπάρχειν,
826 2800 924 2868 ”τότε
952 2804 989 2871 δὲ
1017 2803 1099 2894 πρὸς

101 2911 304 2988 Μακεδόνας
330 2910 411 3001 ὑπὲρ
433 2917 493 2992 τῆς
514 2907 604 2991 ἰδίας
625 2911 841 2977 κινδυνεύειν·
871 2916 929 2978 καὶ
957 2911 1017 2978 τόν
1037 2915 1099 2994 δῆ-

99 3043 173 3111 μον,
200 3017 423 3110 όνπρότερον
449 3022 717 3108 Λακεδαιμόνιοι
745 3025 803 3088 καὶ
830 3020 1100 3106 Πελοποννήσιοι
1172 3044 1175 3049 ·

25 3106 36 3123 ⁸
100 3136 156 3197 καὶ
179 3133 211 3196 οἱ
231 3133 295 3212 την
312 3129 425 3198 Ἀσίαν
446 3114 844 3213 κατοικούντεςἚλληνες
864 3133 1003 3220 βοηθόν
1024 3126 1100 3200 ἐπε·

100 3243 274 3334 καλοῦντο,
297 3231 394 3318 οὗτος
415 3242 520 3306 ἐδεῖτο
541 3244 608 3310 τῶν
629 3239 664 3321 ἐξ
678 3241 823 3333 ’Ἁνδρου
852 3247 909 3309 καὶ
936 3244 1013 3310 Κέω
1043 3247 1102 3310 καὶ
1159 3248 1163 3254 ’

32 3426 35 3433 ,
108 3353 286 3442 Τροιζῆνος
317 3353 374 3415 καὶ
397 3349 616 3439 Ἐπιδαύρου,
649 3350 843 3443 ἐπικουρίαν
878 3351 970 3444 αὑτηί
997 3378 1100 3441 μετοι-

100 3463 322 3554 πέμφασθαι.
356 3452 445 3538 δίςτε,
473 3447 499 3522 ὦ
527 3460 661 3551 ἀνδρες,
688 3464 749 3527 τόν
777 3469 811 3528 ἐν
838 3467 910 3541 τοῖς
936 3463 1144 3544 τοιούτοις9

33 3554 38 3563 “
100 3571 223 3662 φόβοις
244 3575 301 3636 καὶ
321 3568 531 3650 τηλικούτοις
551 3570 792 3650 κινδύνοιςκαὶ
807 3571 960 3664 Ιτοσαύτη
981 3570 1100 3664 αἰσχύ-

100 3703 142 3771 νη
164 3678 432 3765 ἐγκαταλιπόντα
454 3681 518 3761 την
539 3678 638 3744 πόλιν
658 3685 716 3746 καὶ
737 3681 821 3767 μήτε
842 3675 933 3748 όπλοι
955 3685 1104 3770 θέμενον

101 3788 185 3879 ὑπὲρ
206 3795 266 3870 τῆς
288 3786 450 3877 πατρίδος
469 3785 554 3873 μήτε
575 3792 612 3855 τό
636 3796 734 3876 σῶμα
754 3793 975 3883 παρασχόντα
1001 3796 1103 3876 τάξαι

100 3905 173 3977 τοῖς
204 3900 419 3988 στρατηγοῖς,
452 3897 540 3964 ἀλλά
573 3898 725 3989 φυγόντα
751 3906 809 3967 καὶ
843 3905 1012 3994 προδόντα
1039 3907 1102 3987 τὴν

101 4011 163 4074 τοῦ
192 4005 300 4095 δήμου
327 4005 507 4099 σωτηρίαν,
535 4005 586 4086 τίς
613 4005 657 4074 ἀν
684 4005 707 4090 ἢ
736 4011 898 4098 δικαστὴς
923 4015 1102 4103 φιλόπολις

762 4129 860 4212 [21
